<record><leader>00000cas a2200000 a 4500</leader><controlfield tag="001">10253415</controlfield><controlfield tag="008">831228c19829999waudr ne      0   a0eng c</controlfield><datafield ind1=" " ind2=" " tag="010"><subfield code="a">sn 83005979 </subfield></datafield><datafield ind1=" " ind2=" " tag="040"><subfield code="a">NSD</subfield><subfield code="b">eng</subfield><subfield code="c">NSD</subfield><subfield code="d">DLC</subfield><subfield code="d">SLZ</subfield><subfield code="d">OCL</subfield><subfield code="d">DLC</subfield><subfield code="d">OCLCQ</subfield><subfield code="d">OCLCF</subfield></datafield><datafield ind1=" " ind2=" " tag="012"><subfield code="m">1</subfield></datafield><datafield ind1="1" ind2=" " tag="022"><subfield code="a">0746-7575</subfield><subfield code="l">0746-7575</subfield><subfield code="2">1</subfield></datafield><datafield ind1="1" ind2=" " tag="029"><subfield code="a">AU@</subfield><subfield code="b">000020416237</subfield></datafield><datafield ind1=" " ind2=" " tag="032"><subfield code="a">144720</subfield><subfield code="b">USPS</subfield></datafield><datafield ind1=" " ind2=" " tag="037"><subfield code="b">The Olympian, Fourth Ave. and Tullis St., Olympia, WA 98507</subfield></datafield><datafield ind1=" " ind2=" " tag="042"><subfield code="a">nsdp</subfield><subfield code="a">pcc</subfield></datafield><datafield ind1=" " ind2=" " tag="043"><subfield code="a">n-us-wa</subfield></datafield><datafield ind1="0" ind2="0" tag="050"><subfield code="a">Newspaper</subfield></datafield><datafield ind1="0" ind2="4" tag="082"><subfield code="a">071.9779</subfield><subfield code="2">19</subfield></datafield><datafield ind1="0" ind2=" " tag="130"><subfield code="a">Olympian (Olympia, Wash.)</subfield></datafield><datafield ind1=" " ind2="4" tag="222"><subfield code="a">The Olympian</subfield><subfield code="b">(Olympia, Wash.)</subfield></datafield><datafield ind1="1" ind2="4" tag="245"><subfield code="a">The Olympian.</subfield></datafield><datafield ind1=" " ind2=" " tag="260"><subfield code="a">Olympia, Wash. :</subfield><subfield code="b">Federated Publications,</subfield><subfield code="c">1982-</subfield></datafield><datafield ind1=" " ind2=" " tag="310"><subfield code="a">Daily,</subfield><subfield code="b">Feb. 1, 1982-&lt;Aug. 31, 2000&gt;</subfield></datafield><datafield ind1=" " ind2=" " tag="336"><subfield code="a">text</subfield><subfield code="b">txt</subfield><subfield code="2">rdacontent</subfield></datafield><datafield ind1=" " ind2=" " tag="337"><subfield code="a">unmediated</subfield><subfield code="b">n</subfield><subfield code="2">rdamedia</subfield></datafield><datafield ind1="0" ind2=" " tag="362"><subfield code="a">Vol. 91, no. 336 (Feb. 1, 1982)-</subfield></datafield><datafield ind1=" " ind2=" " tag="530"><subfield code="a">Also issued on microfilm from Bell &amp; Howell, Micro Photo Div.</subfield></datafield><datafield ind1=" " ind2=" " tag="588"><subfield code="a">Latest issue consulted: Vol. 110, no. 184 (Aug. 31, 2000).</subfield></datafield><datafield ind1=" " ind2="0" tag="651"><subfield code="a">Olympia (Wash.)</subfield><subfield code="v">Newspapers.</subfield></datafield><datafield ind1=" " ind2="7" tag="655"><subfield code="a">Newspapers.</subfield><subfield code="2">fast</subfield><subfield code="0">(OCoLC)fst01423814</subfield></datafield><datafield ind1=" " ind2="7" tag="651"><subfield code="a">Washington (State)</subfield><subfield code="z">Olympia.</subfield><subfield code="2">fast</subfield><subfield code="0">(OCoLC)fst01206098</subfield></datafield><datafield ind1=" " ind2=" " tag="752"><subfield code="a">United States</subfield><subfield code="b">Washington</subfield><subfield code="c">Thurston</subfield><subfield code="d">Olympia.</subfield></datafield><datafield ind1="0" ind2="0" tag="780"><subfield code="t">Daily Olympian (Olympia, Wash. : 1938)</subfield><subfield code="w">(DLC)sn 86071995</subfield><subfield code="w">(OCoLC)14287762</subfield></datafield></record>